@misc{GAN,
      title={Generative Adversarial Networks}, 
      author={Ian J. Goodfellow and Jean Pouget-Abadie and Mehdi Mirza and Bing Xu and David Warde-Farley and Sherjil Ozair and Aaron Courville and Yoshua Bengio},
      year={2014},
      eprint={1406.2661},
      archivePrefix={arXiv},
      primaryClass={stat.ML}
}

@article{GANSynth,
  author={Jesse H. Engel and Kumar Krishna Agrawal and Shuo Chen and Ishaan Gulrajani and Chris Donahue and Adam Roberts},
  title={GANSynth: Adversarial Neural Audio Synthesis},
  journal={CoRR},
  volume={abs/1902.08710},
  year={2019},
  url={http://arxiv.org/abs/1902.08710},
  archivePrefix={arXiv},
  eprint={1902.08710},
  timestamp={Mon, 22 Jul 2019 13:51:23 +0200},
  biburl={https://dblp.org/rec/journals/corr/abs-1902-08710.bib},
  bibsource={dblp computer science bibliography, https://dblp.org}
}

@article{Jukebox,
  title={Jukebox: A Generative Model for Music}, 
  author={Prafulla Dhariwal and Heewoo Jun and Christine Payne and Jong Wook Kim and Alec Radford and Ilya Sutskever},
  year={2020},
  eprint={2005.00341},
  archivePrefix={arXiv},
  primaryClass={eess.AS}
}
@article{NSynth, 
  title={Neural Audio Synthesis of Musical Notes with {W}ave{N}et Autoencoders}, 
  author={Jesse Engel and Cinjon Resnick and Adam Roberts and Sander Dieleman and Mohammad Norouzi and Douglas Eck and Karen Simonyan}, 
  pages={1068--1077}, 
  year={2017}, 
  editor={Doina Precup and Yee Whye Teh},
  volume={70}, 
  series={Proceedings of Machine Learning Research}, 
  address={International Convention Centre, Sydney, Australia}, 
  month={06--11 Aug}, 
  publisher={PMLR}, 
  pdf={http://proceedings.mlr.press/v70/engel17a/engel17a.pdf}, 
  url={http://proceedings.mlr.press/v70/engel17a.html}, 
}

@article{WaveNet_music,
  title={WaveNet: A Generative Model for Raw Audio}, 
  author={Aaron van den Oord and Sander Dieleman and Heiga Zen and Karen Simonyan and Oriol Vinyals and Alex Graves and Nal Kalchbrenner and Andrew Senior and Koray Kavukcuoglu},
  year={2016},
  eprint={1609.03499},
  archivePrefix={arXiv},
  primaryClass={cs.SD}
}

@misc{pix2pix,
      title={Image-to-Image Translation with Conditional Adversarial Networks}, 
      author={Phillip Isola and Jun-Yan Zhu and Tinghui Zhou and Alexei A. Efros},
      year={2018},
      eprint={1611.07004},
      archivePrefix={arXiv},
      primaryClass={cs.CV}
}

@misc{CGAN,
      title={Conditional Generative Adversarial Nets}, 
      author={Mehdi Mirza and Simon Osindero},
      year={2014},
      eprint={1411.1784},
      archivePrefix={arXiv},
      primaryClass={cs.LG}
}

@misc{u-net,
      title={U-Net: Convolutional Networks for Biomedical Image Segmentation}, 
      author={Olaf Ronneberger and Philipp Fischer and Thomas Brox},
      year={2015},
      eprint={1505.04597},
      archivePrefix={arXiv},
      primaryClass={cs.CV}
}

@book{音楽の基礎,
  title={音楽の基礎},
  author={芥川也寸志},
  isbn={9784004140573},
  lccn={78797205},
  series={岩波新書},
  url={https://books.google.co.jp/books?id=icN0AQAACAAJ},
  year={1971},
  publisher={岩波書店}
}

@misc{Adam,
      title={Adam: A Method for Stochastic Optimization}, 
      author={Diederik P. Kingma and Jimmy Ba},
      year={2017},
      eprint={1412.6980},
      archivePrefix={arXiv},
      primaryClass={cs.LG}
}

@article{SGD,
  author    = {Sebastian Ruder},
  title     = {An overview of gradient descent optimization algorithms},
  journal   = {CoRR},
  volume    = {abs/1609.04747},
  year      = {2016},
  url       = {http://arxiv.org/abs/1609.04747},
  archivePrefix = {arXiv},
  eprint    = {1609.04747},
  timestamp = {Mon, 13 Aug 2018 16:48:10 +0200},
  biburl    = {https://dblp.org/rec/journals/corr/Ruder16.bib},
  bibsource = {dblp computer science bibliography, https://dblp.org}
}

@misc{slides_on_ABC,
author={Joe and John},
title = {Title of the slides},
howpublished = {\url{https://www.abc.xyz/the_slides.pdf}},
year = {2018},
note = {Accessed: {2020–11-06}}
}