%表記の統一

@article{GAN,
  title={Generative adversarial networks},
  author={Goodfellow, Ian J and Pouget-Abadie, Jean and Mirza, Mehdi and Xu, Bing and Warde-Farley, David and Ozair, Sherjil and Courville, Aaron and Bengio, Yoshua},
  journal={arXiv preprint arXiv:1406.2661},
  year={2014}
}

@article{GANSynth,
  title={Gansynth: Adversarial neural audio synthesis},
  author={Engel, Jesse and Agrawal, Kumar Krishna and Chen, Shuo and Gulrajani, Ishaan and Donahue, Chris and Roberts, Adam},
  journal={arXiv preprint arXiv:1902.08710},
  year={2019}
}

@article{Jukebox,
  title={Jukebox: A generative model for music},
  author={Dhariwal, Prafulla and Jun, Heewoo and Payne, Christine and Kim, Jong Wook and Radford, Alec and Sutskever, Ilya},
  journal={arXiv preprint arXiv:2005.00341},
  year={2020}
}

@inproceedings{NSynth,
  title={Neural audio synthesis of musical notes with wavenet autoencoders},
  author={Engel, Jesse and Resnick, Cinjon and Roberts, Adam and Dieleman, Sander and Norouzi, Mohammad and Eck, Douglas and Simonyan, Karen},
  booktitle={International Conference on Machine Learning},
  pages={1068--1077},
  year={2017},
  organization={PMLR}
}

@article{WaveNet,
  title={Wavenet: A generative model for raw audio},
  author={Oord, Aaron van den and Dieleman, Sander and Zen, Heiga and Simonyan, Karen and Vinyals, Oriol and Graves, Alex and Kalchbrenner, Nal and Senior, Andrew and Kavukcuoglu, Koray},
  journal={arXiv preprint arXiv:1609.03499},
  year={2016}
}

@inproceedings{pix2pix,
  title={Image-to-image translation with conditional adversarial networks},
  author={Isola, Phillip and Zhu, Jun-Yan and Zhou, Tinghui and Efros, Alexei A},
  booktitle={Proceedings of the IEEE conference on computer vision and pattern recognition},
  pages={1125--1134},
  year={2017}
}

@article{CGAN,
  title={Conditional generative adversarial nets},
  author={Mirza, Mehdi and Osindero, Simon},
  journal={arXiv preprint arXiv:1411.1784},
  year={2014}
}

@inproceedings{u-net,
  title={U-net: Convolutional networks for biomedical image segmentation},
  author={Ronneberger, Olaf and Fischer, Philipp and Brox, Thomas},
  booktitle={International Conference on Medical image computing and computer-assisted intervention},
  pages={234--241},
  year={2015},
  organization={Springer}
}

@article{Adam,
  title={Adam: A method for stochastic optimization},
  author={Kingma, Diederik P and Ba, Jimmy},
  journal={arXiv preprint arXiv:1412.6980},
  year={2014}
}

@article{GradientDescent,
  title={An overview of gradient descent optimization algorithms},
  author={Ruder, Sebastian},
  journal={arXiv preprint arXiv:1609.04747},
  year={2016}
}

@misc{idol,
  author = {},
  title = {アイドル自動生成AIを開発 | 株式会社データグリッド | DATAGRID Inc.},
  howpublished = {\url{https://datagrid.co.jp/all/release/33/}},
  month = {},
  year = {},
  note = {(Accessed on 02/03/2021)}
}

@article{Dropout,
  title={Dropout: a simple way to prevent neural networks from overfitting},
  author={Srivastava, Nitish and Hinton, Geoffrey and Krizhevsky, Alex and Sutskever, Ilya and Salakhutdinov, Ruslan},
  journal={The journal of machine learning research},
  volume={15},
  number={1},
  pages={1929--1958},
  year={2014},
  publisher={JMLR. org}
}

@book{Bishop,
  author = {Bishop, Christopher M.},
  title = {Pattern Recognition and Machine Learning},
  year = {2006},
  isbn = {0387310738},
  publisher = {Springer},
}

@article{CNNsurvey,
  title={深層畳み込みニューラルネットワークによる画像特徴抽出と転移学習},
  author={中山英樹},
  journal={信学技報},
  volume={115},
  number={146},
  pages={55--59},
  year={2015}
}

@incollection{neocognitron,
  title={Neocognitron: A Self-organizing Neural Network Model for a Mechanism of Pattern Recognition},
  author={Fukushima, Kunihiko and Miyake, Sei},
  journal = {Biological Cybernetics},
  pages={193--202},
  year={1980},
  publisher={Springer}
}

@article{AlexNet,
  title={Imagenet classification with deep convolutional neural networks},
  author={Krizhevsky, Alex and Sutskever, Ilya and Hinton, Geoffrey E},
  journal={Advances in neural information processing systems},
  volume={25},
  pages={1097--1105},
  year={2012}
}

@article{musictutorial,
  title={A tutorial on deep learning for music information retrieval},
  author={Choi, Keunwoo and Fazekas, Gy{\"o}rgy and Cho, Kyunghyun and Sandler, Mark},
  journal={arXiv preprint arXiv:1709.04396},
  year={2017}
}

@article{melscale,
  title={A scale for the measurement of the psychological magnitude pitch},
  author={Stevens, Stanley Smith and Volkmann, John and Newman, Edwin Broomell},
  journal={The journal of the acoustical society of america},
  volume={8},
  number={3},
  pages={185--190},
  year={1937},
  publisher={Acoustical Society of America}
}

@article{DDSP,
  title={Ddsp: Differentiable digital signal processing},
  author={Engel, Jesse and Hantrakul, Lamtharn and Gu, Chenjie and Roberts, Adam},
  journal={arXiv preprint arXiv:2001.04643},
  year={2020}
}

@book{Calculus,
  title={Advanced calculus: a geometric view},
  author={Callahan, James J},
  year={2010},
  publisher={Springer Science \& Business Media}
}

@article{mel,
  title={The relation of pitch to frequency: A revised scale},
  author={Stevens, Stanley S and Volkmann, John},
  journal={The American Journal of Psychology},
  volume={53},
  number={3},
  pages={329--353},
  year={1940},
  publisher={JSTOR}
}

@article{timbretron,
  title={Timbretron: A wavenet (cyclegan (cqt (audio))) pipeline for musical timbre transfer},
  author={Huang, Sicong and Li, Qiyang and Anil, Cem and Bao, Xuchan and Oore, Sageev and Grosse, Roger B},
  journal={arXiv preprint arXiv:1811.09620},
  year={2018}
}

@article{DL_ASP,
  title={Deep learning for audio signal processing},
  author={Purwins, Hendrik and Li, Bo and Virtanen, Tuomas and Schl{\"u}ter, Jan and Chang, Shuo-Yiin and Sainath, Tara},
  journal={IEEE Journal of Selected Topics in Signal Processing},
  volume={13},
  number={2},
  pages={206--219},
  year={2019},
  publisher={IEEE}
}

@article{CQT,
  title={Calculation of a constant Q spectral transform},
  author={Brown, Judith C},
  journal={The Journal of the Acoustical Society of America},
  volume={89},
  number={1},
  pages={425--434},
  year={1991},
  publisher={Acoustical Society of America}
}